<record><leader>00000cas a22000007a 4500</leader><controlfield tag="001">28940773</controlfield><controlfield tag="008">931005d18931uuuctuwr ne      0    0eng d</controlfield><datafield ind1=" " ind2=" " tag="010"><subfield code="a">sn 93054100 </subfield></datafield><datafield ind1=" " ind2=" " tag="040"><subfield code="a">CNW</subfield><subfield code="b">eng</subfield><subfield code="c">CNW</subfield><subfield code="d">OCLCQ</subfield></datafield><datafield ind1=" " ind2=" " tag="042"><subfield code="a">msc</subfield></datafield><datafield ind1="0" ind2=" " tag="130"><subfield code="a">Weekly echo (Southington, Conn.)</subfield></datafield><datafield ind1="1" ind2="0" tag="245"><subfield code="a">Weekly echo.</subfield></datafield><datafield ind1=" " ind2=" " tag="260"><subfield code="a">Southington, Conn. :</subfield><subfield code="b">Chas. A. Cadwell</subfield></datafield><datafield ind1=" " ind2=" " tag="300"><subfield code="a">v.</subfield></datafield><datafield ind1=" " ind2=" " tag="310"><subfield code="a">Weekly</subfield></datafield><datafield ind1="0" ind2=" " tag="362"><subfield code="a">Vol. 1, no. 1 (Jan. 6, 1893)-</subfield></datafield><datafield ind1=" " ind2="4" tag="651"><subfield code="a">Southington (Conn.)</subfield><subfield code="v">Newspapers.</subfield></datafield><datafield ind1=" " ind2=" " tag="752"><subfield code="a">United States</subfield><subfield code="b">Connecticut</subfield><subfield code="c">Hartford</subfield><subfield code="d">Southington.</subfield></datafield><datafield ind1="1" ind2=" " tag="029"><subfield code="a">AU@</subfield><subfield code="b">000025908460</subfield></datafield></record>